[
  {
    "__type__": "cc.Prefab",
    "_name": "",
    "_objFlags": 0,
    "_native": "",
    "data": {
      "__id__": 1
    },
    "optimizationPolicy": 0,
    "asyncLoadAssets": false,
    "readonly": false
  },
  {
    "__type__": "cc.Node",
    "_name": "player",
    "_objFlags": 0,
    "_parent": null,
    "_children": [
      {
        "__id__": 2
      }
    ],
    "_active": true,
    "_components": [
      {
        "__id__": 7
      },
      {
        "__id__": 8
      },
      {
        "__id__": 9
      },
      {
        "__id__": 10
      },
      {
        "__id__": 11
      },
      {
        "__id__": 12
      }
    ],
    "_prefab": {
      "__id__": 13
    },
    "_opacity": 255,
    "_color": {
      "__type__": "cc.Color",
      "r": 255,
      "g": 255,
      "b": 255,
      "a": 255
    },
    "_contentSize": {
      "__type__": "cc.Size",
      "width": 50,
      "height": 50
    },
    "_anchorPoint": {
      "__type__": "cc.Vec2",
      "x": 0.5,
      "y": 0.5
    },
    "_trs": {
      "__type__": "TypedArray",
      "ctor": "Float64Array",
      "array": [
        196.641,
        377.803,
        0,
        0,
        0,
        0,
        1,
        1,
        1,
        1
      ]
    },
    "_eulerAngles": {
      "__type__": "cc.Vec3",
      "x": 0,
      "y": 0,
      "z": 0
    },
    "_skewX": 0,
    "_skewY": 0,
    "_is3DNode": false,
    "_groupIndex": 0,
    "groupIndex": 0,
    "_id": ""
  },
  {
    "__type__": "cc.Node",
    "_name": "face",
    "_objFlags": 0,
    "_parent": {
      "__id__": 1
    },
    "_children": [],
    "_active": true,
    "_components": [
      {
        "__id__": 3
      },
      {
        "__id__": 4
      },
      {
        "__id__": 5
      }
    ],
    "_prefab": {
      "__id__": 6
    },
    "_opacity": 255,
    "_color": {
      "__type__": "cc.Color",
      "r": 255,
      "g": 255,
      "b": 255,
      "a": 255
    },
    "_contentSize": {
      "__type__": "cc.Size",
      "width": 50,
      "height": 50
    },
    "_anchorPoint": {
      "__type__": "cc.Vec2",
      "x": 0.5,
      "y": 0.5
    },
    "_trs": {
      "__type__": "TypedArray",
      "ctor": "Float64Array",
      "array": [
        0,
        0,
        0,
        0,
        0,
        0,
        1,
        1,
        1,
        1
      ]
    },
    "_eulerAngles": {
      "__type__": "cc.Vec3",
      "x": 0,
      "y": 0,
      "z": 0
    },
    "_skewX": 0,
    "_skewY": 0,
    "_is3DNode": false,
    "_groupIndex": 0,
    "groupIndex": 0,
    "_id": ""
  },
  {
    "__type__": "cc.Sprite",
    "_name": "face<Sprite>",
    "_objFlags": 0,
    "node": {
      "__id__": 2
    },
    "_enabled": true,
    "_materials": [
      {
        "__uuid__": "eca5d2f2-8ef6-41c2-bbe6-f9c79d09c432"
      }
    ],
    "_srcBlendFactor": 770,
    "_dstBlendFactor": 771,
    "_spriteFrame": {
      "__uuid__": "da8591a7-80ad-4b6b-bbef-0098c7fa9269"
    },
    "_type": 0,
    "_sizeMode": 0,
    "_fillType": 0,
    "_fillCenter": {
      "__type__": "cc.Vec2",
      "x": 0,
      "y": 0
    },
    "_fillStart": 0,
    "_fillRange": 0,
    "_isTrimmedMode": true,
    "_atlas": {
      "__uuid__": "5cee112a-ea58-47ef-9fc5-d9569356a21a"
    },
    "_id": ""
  },
  {
    "__type__": "cc.Widget",
    "_name": "",
    "_objFlags": 0,
    "node": {
      "__id__": 2
    },
    "_enabled": true,
    "alignMode": 1,
    "_target": null,
    "_alignFlags": 45,
    "_left": 0,
    "_right": 0,
    "_top": 0,
    "_bottom": 0,
    "_verticalCenter": 0,
    "_horizontalCenter": 0,
    "_isAbsLeft": true,
    "_isAbsRight": true,
    "_isAbsTop": true,
    "_isAbsBottom": true,
    "_isAbsHorizontalCenter": true,
    "_isAbsVerticalCenter": true,
    "_originalWidth": 2048,
    "_originalHeight": 2048,
    "_id": ""
  },
  {
    "__type__": "cc.Animation",
    "_name": "",
    "_objFlags": 0,
    "node": {
      "__id__": 2
    },
    "_enabled": true,
    "_defaultClip": {
      "__uuid__": "9a5477e2-3b25-48bb-91ae-70983a24a7b3"
    },
    "_clips": [
      {
        "__uuid__": "9a5477e2-3b25-48bb-91ae-70983a24a7b3"
      },
      {
        "__uuid__": "5160e97f-13a7-449e-b4ab-653534fe1e42"
      },
      {
        "__uuid__": "2c95d375-8734-4e54-9b9c-d34b8e9c7aec"
      },
      {
        "__uuid__": "c9e6f9a7-efa8-4ff7-82b5-7742f8a94c36"
      },
      {
        "__uuid__": "d2927658-939e-4cce-97b1-e15dd75052d3"
      },
      {
        "__uuid__": "43914a21-491d-45cc-9a3d-8f6cc0f36c64"
      },
      {
        "__uuid__": "fc0bfebd-2043-4a7f-97bb-69cd5918da78"
      },
      {
        "__uuid__": "02f3f279-4d17-4764-a5f5-963aed31c01d"
      }
    ],
    "playOnLoad": true,
    "_id": ""
  },
  {
    "__type__": "cc.PrefabInfo",
    "root": {
      "__id__": 1
    },
    "asset": {
      "__uuid__": "70b71b56-6862-4fcb-9f31-84f887014fc3"
    },
    "fileId": "1f1cF25H1Gmal1boer/gI+",
    "sync": false
  },
  {
    "__type__": "cc.Sprite",
    "_name": "player<Sprite>",
    "_objFlags": 0,
    "node": {
      "__id__": 1
    },
    "_enabled": true,
    "_materials": [
      {
        "__uuid__": "eca5d2f2-8ef6-41c2-bbe6-f9c79d09c432"
      }
    ],
    "_srcBlendFactor": 770,
    "_dstBlendFactor": 771,
    "_spriteFrame": {
      "__uuid__": "36a43005-ca33-4dea-99dc-df9b405f781f"
    },
    "_type": 0,
    "_sizeMode": 0,
    "_fillType": 0,
    "_fillCenter": {
      "__type__": "cc.Vec2",
      "x": 0,
      "y": 0
    },
    "_fillStart": 0,
    "_fillRange": 0,
    "_isTrimmedMode": true,
    "_atlas": null,
    "_id": ""
  },
  {
    "__type__": "cc.RigidBody",
    "_name": "",
    "_objFlags": 0,
    "node": {
      "__id__": 1
    },
    "_enabled": true,
    "_type": 2,
    "_allowSleep": false,
    "_gravityScale": 5,
    "_linearDamping": 0,
    "_angularDamping": 0,
    "_linearVelocity": {
      "__type__": "cc.Vec2",
      "x": 0,
      "y": 0
    },
    "_angularVelocity": 0,
    "_fixedRotation": false,
    "enabledContactListener": true,
    "bullet": false,
    "awakeOnLoad": true,
    "_id": ""
  },
  {
    "__type__": "cc.PhysicsCircleCollider",
    "_name": "",
    "_objFlags": 0,
    "node": {
      "__id__": 1
    },
    "_enabled": true,
    "tag": 0,
    "_density": 1,
    "_sensor": false,
    "_friction": 0.2,
    "_restitution": 0,
    "body": null,
    "_offset": {
      "__type__": "cc.Vec2",
      "x": 0,
      "y": 0
    },
    "_radius": 24.4,
    "_id": ""
  },
  {
    "__type__": "2feddn0ENFHBqfQcaZYf1Dv",
    "_name": "",
    "_objFlags": 0,
    "node": {
      "__id__": 1
    },
    "_enabled": true,
    "bigger_rate": 1.1,
    "camera_zoom_out_rate": 0.95,
    "jump_force": 500,
    "clone_cell": {
      "__uuid__": "e9c8f09f-5c22-4207-aab8-1519207806ff"
    },
    "jumpable_angle": 60,
    "bgm_stage1": {
      "__uuid__": "171ca6cc-f84e-4b52-b5cf-3ac0bf8a0de9"
    },
    "se_jump": {
      "__uuid__": "a7b677e7-241d-4892-b92f-31a01c936738"
    },
    "se_eatCell": {
      "__uuid__": "0ddc3e60-e1e5-4418-8151-82208589007a"
    },
    "se_eatFruit": {
      "__uuid__": "5d70ad1c-0862-4bfc-84dd-c5e3aab0c341"
    },
    "se_hurt": {
      "__uuid__": "e7da8706-cf20-49da-bc1c-4bdc91988f10"
    },
    "se_die": {
      "__uuid__": "e33fca97-1d3a-4177-8c12-016d81d3bcdd"
    },
    "skin1": {
      "__uuid__": "36a43005-ca33-4dea-99dc-df9b405f781f"
    },
    "skin2": {
      "__uuid__": "a10b5d68-07c3-442c-a0b2-5f17b8e2c06b"
    },
    "skin3": {
      "__uuid__": "e4a38591-8dbb-42b3-a58b-00dfe169f3b6"
    },
    "skin4": {
      "__uuid__": "efa188f6-56e3-49db-a2ed-cf3569333c15"
    },
    "skin5": {
      "__uuid__": "bb267771-7756-472a-9102-eda5d1cd4448"
    },
    "skin6": {
      "__uuid__": "60b54895-0ed4-445f-9128-0fd14ba91a19"
    },
    "skin7": {
      "__uuid__": "a4261fde-c389-4bd2-a09a-d00b75e91b58"
    },
    "_id": ""
  },
  {
    "__type__": "cc.Widget",
    "_name": "",
    "_objFlags": 0,
    "node": {
      "__id__": 1
    },
    "_enabled": true,
    "alignMode": 1,
    "_target": null,
    "_alignFlags": 0,
    "_left": 0,
    "_right": 0,
    "_top": 0,
    "_bottom": 0,
    "_verticalCenter": 0,
    "_horizontalCenter": 0,
    "_isAbsLeft": true,
    "_isAbsRight": true,
    "_isAbsTop": true,
    "_isAbsBottom": true,
    "_isAbsHorizontalCenter": true,
    "_isAbsVerticalCenter": true,
    "_originalWidth": 0,
    "_originalHeight": 0,
    "_id": ""
  },
  {
    "__type__": "cc.Animation",
    "_name": "",
    "_objFlags": 0,
    "node": {
      "__id__": 1
    },
    "_enabled": true,
    "_defaultClip": null,
    "_clips": [
      {
        "__uuid__": "9e44fc47-7ce6-488b-98a3-1a3d4f27a5e7"
      },
      {
        "__uuid__": "fd80094b-92b2-407b-9f61-7fa60c595029"
      },
      null
    ],
    "playOnLoad": false,
    "_id": ""
  },
  {
    "__type__": "cc.PrefabInfo",
    "root": {
      "__id__": 1
    },
    "asset": {
      "__uuid__": "70b71b56-6862-4fcb-9f31-84f887014fc3"
    },
    "fileId": "5a3ta77NxLZo0/ny02Yz12",
    "sync": false
  }
]